@article{ DasGupta,
    author = "A. DasGupta, Herman Rubin",
    title = "Estimation of binomial parameters when both n, p are unknown"
}

@article{ Carroll,
    author = "R.J. Carroll, F. Lombard",
    title = "A note on N estimators for binomial distribution"
}
